<record><leader>02089cam a2200493 i 4500</leader><controlfield tag="001">6535658</controlfield><controlfield tag="003">LTSCA</controlfield><controlfield tag="005">20140318104707.0</controlfield><controlfield tag="008">130829s2015    mau      b    001 0 eng  </controlfield><datafield ind1=" " ind2=" " tag="010"><subfield code="a">  2013035336</subfield></datafield><datafield ind1="7" ind2=" " tag="016"><subfield code="a">101616151</subfield><subfield code="2">DNLM</subfield></datafield><datafield ind1=" " ind2=" " tag="020"><subfield code="a">9781284038705</subfield></datafield><datafield ind1=" " ind2=" " tag="020"><subfield code="a">128403870X</subfield></datafield><datafield ind1=" " ind2=" " tag="020"><subfield code="a">9781284043297</subfield></datafield><datafield ind1=" " ind2=" " tag="020"><subfield code="a">1284043290</subfield></datafield><datafield ind1=" " ind2=" " tag="035"><subfield code="a">ocn857664325</subfield></datafield><datafield ind1=" " ind2=" " tag="040"><subfield code="a">DNLM/DLC</subfield><subfield code="e">rda</subfield><subfield code="b">eng</subfield><subfield code="c">DLC</subfield><subfield code="d">YDX</subfield><subfield code="d">NLM</subfield><subfield code="d">OCLCO</subfield><subfield code="d">VAM</subfield><subfield code="d">FYQ</subfield><subfield code="d">YDXCP</subfield><subfield code="d">JVD</subfield><subfield code="d">AEU</subfield></datafield><datafield ind1=" " ind2=" " tag="042"><subfield code="a">pcc</subfield></datafield><datafield ind1=" " ind2=" " tag="049"><subfield code="a">UABA</subfield></datafield><datafield ind1="0" ind2="4" tag="050"><subfield code="a">RT81.5</subfield><subfield code="b">.H72 2015</subfield></datafield><datafield ind1="0" ind2="0" tag="060"><subfield code="a">2014 A-756</subfield></datafield><datafield ind1="1" ind2="0" tag="060"><subfield code="a">WY 20.5</subfield></datafield><datafield ind1=" " ind2="4" tag="060"><subfield code="a">WY 20.5</subfield><subfield code="b">H842 2014</subfield></datafield><datafield ind1="0" ind2="0" tag="082"><subfield code="a">610.73072</subfield><subfield code="2">23</subfield></datafield><datafield ind1=" " ind2=" " tag="090"><subfield code="a">RT 81.5 H72 2015</subfield><subfield code="b">AEU</subfield></datafield><datafield ind1="1" ind2=" " tag="100"><subfield code="a">Houser, Janet,</subfield><subfield code="d">1954-</subfield></datafield><datafield ind1="1" ind2="0" tag="245"><subfield code="a">Nursing research :</subfield><subfield code="b">reading, using, and creating evidence /</subfield><subfield code="c">Janet Houser.</subfield></datafield><datafield ind1=" " ind2=" " tag="250"><subfield code="a">Third edition.</subfield></datafield><datafield ind1=" " ind2="1" tag="264"><subfield code="a">Burlington, MA :</subfield><subfield code="b">Jones &amp; Bartlett Learning,</subfield><subfield code="c">[2015]</subfield></datafield><datafield ind1=" " ind2=" " tag="300"><subfield code="a">xix, 496 pages ;</subfield><subfield code="c">23 cm</subfield></datafield><datafield ind1=" " ind2=" " tag="336"><subfield code="a">text</subfield><subfield code="b">txt</subfield><subfield code="2">rdacontent</subfield></datafield><datafield ind1=" " ind2=" " tag="337"><subfield code="a">unmediated</subfield><subfield code="b">n</subfield><subfield code="2">rdamedia</subfield></datafield><datafield ind1=" " ind2=" " tag="338"><subfield code="a">volume</subfield><subfield code="b">nc</subfield><subfield code="2">rdacarrier</subfield></datafield><datafield ind1=" " ind2=" " tag="504"><subfield code="a">Includes bibliographical references and index.</subfield></datafield><datafield ind1="0" ind2=" " tag="505"><subfield code="a">Research as evidence for nursing practice -- Research process and ways of knowing -- Legal and ethical considerations in research and EBP -- Finding problems and writing questions -- The successful literature review -- Selecting a design -- Sampling strategy -- Measurement and data collection -- Enhancing validity -- Descriptive questions and procedures -- Descriptive data analysis -- Quantitative questions and procedures -- Quantitative analysis -- Qualitative questions and procedures -- Qualitative analysis -- Translating research into practice.</subfield></datafield><datafield ind1=" " ind2=" " tag="596"><subfield code="a">42</subfield></datafield><datafield ind1=" " ind2="0" tag="650"><subfield code="a">Nursing</subfield><subfield code="x">Research</subfield><subfield code="x">Methodology.</subfield></datafield><datafield ind1=" " ind2="0" tag="650"><subfield code="a">Evidence-based nursing.</subfield></datafield><datafield ind1="1" ind2="2" tag="650"><subfield code="a">Clinical Nursing Research</subfield><subfield code="v">methods.</subfield></datafield><datafield ind1="2" ind2="2" tag="650"><subfield code="a">Research Design.</subfield></datafield><datafield ind1=" " ind2=" " tag="949"><subfield code="a">RT 81.5 H72 2015</subfield><subfield code="c">1</subfield><subfield code="h">UAHL-B</subfield><subfield code="i">0162033457985</subfield></datafield><datafield ind1=" " ind2=" " tag="994"><subfield code="a">C0</subfield><subfield code="b">UAB</subfield></datafield><datafield ind1=" " ind2=" " tag="019"><subfield code="a">863636150</subfield></datafield><datafield ind1=" " ind2=" " tag="926"><subfield code="a">RT 81.5 H72 2015</subfield><subfield code="w">LC</subfield><subfield code="c">1</subfield><subfield code="i">0162033457985</subfield><subfield code="l">ON_SHELF</subfield><subfield code="m">UAHLTHSC</subfield><subfield code="p">$150.00</subfield><subfield code="r">Y</subfield><subfield code="s">Y</subfield><subfield code="t">BOOK</subfield><subfield code="u">4/8/2014</subfield></datafield></record>